@article{climate,
  title={Efficient MCMC for climate model parameter estimation: parallel adaptive chains and early rejection},
  author={Solonen, Antti and Ollinaho, Pirkka and Laine, Marko and Haario, Heikki and Tamminen, Johanna and J{\"a}rvinen, Heikki and others},
  journal={Bayesian Analysis},
  volume={7},
  number={3},
  pages={715--736},
  year={2012},
  publisher={International Society for Bayesian Analysis}
}

@article{forecase,
  title={Bayesian forecasting},
  author={Geweke, John and Whiteman, Charles},
  journal={Handbook of economic forecasting},
  volume={1},
  pages={3--80},
  year={2006},
  publisher={Elsevier}
}

@inproceedings{physics,
  title={Metropolis methods for quantum Monte Carlo simulations},
  author={Ceperley, DM},
  booktitle={AIP Conference Proceedings},
  volume={690},
  number={1},
  pages={85--98},
  year={2003},
  organization={AIP}
}

@inproceedings{wormhole,
  title={Wormhole Hamiltonian Monte Carlo.},
  author={Lan, Shiwei and Streets, Jeffrey and Shahbaba, Babak},
  booktitle={AAAI},
  pages={1953--1959},
  year={2014}
}

@inproceedings{darting,
  title={Distributed and adaptive darting Monte Carlo through regenerations},
  author={Ahn, Sungjin and Chen, Yutian and Welling, Max},
  booktitle={Artificial Intelligence and Statistics},
  pages={108--116},
  year={2013}
}

@article{topicmodes,
  title={Navigating the local modes of big data},
  author={Roberts, Margaret E and Stewart, Brandon M and Tingley, Dustin},
  journal={Computational Social Science},
  pages={51},
  year={2016},
  publisher={Cambridge University Press}
}

@techreport{secondeig,
  title={The second eigenvalue of the Google matrix},
  author={Haveliwala, Taher and Kamvar, Sepandar},
  year={2003},
  institution={Stanford}
}

@misc{convspeed,
  title={The Google Markov Chain: convergence speed and eigenvalues},
  author={Back{\aa}ker, Fredrik},
  year={2012}
}

@techreport{pagerank,
  title={The PageRank citation ranking: Bringing order to the web.},
  author={Page, Lawrence and Brin, Sergey and Motwani, Rajeev and Winograd, Terry},
  year={1999},
  institution={Stanford InfoLab}
}

@article{tempering,
  title={Sampling from multimodal distributions using tempered transitions},
  author={Neal, Radford M},
  journal={Statistics and computing},
  volume={6},
  number={4},
  pages={353--366},
  year={1996},
  publisher={Springer}
}

@article{restarts,
  title={MCMC With Disconnected State Spaces},
  author={Barrett, Leon and Simma, Aleksandr},
  year={2005}
}

@article{hmc,
  title={MCMC using Hamiltonian dynamics},
  author={Neal, Radford M and others},
  journal={Handbook of Markov Chain Monte Carlo},
  volume={2},
  number={11},
  year={2011},
  publisher={CRC Press New York, NY}
}
